<?xml version="1.0" encoding="UTF-8"?><collection xmlns="http://www.loc.gov/MARC21/slim"><record><leader>00330nam--2200121-i-4500</leader><controlfield tag="001">000004876</controlfield><controlfield tag="002">20161230</controlfield><controlfield tag="005">20161230201026</controlfield><controlfield tag="008">060222s1000------------r-----000-0-eng-d</controlfield><datafield ind1=" " ind2=" " tag="245"><subfield code="a">Applied solar energy research. second edition</subfield></datafield><datafield ind1=" " ind2=" " tag="260"><subfield code="a">Phoenix, Arizona, Assoc.Appl.Solar Energy, 1959 217 P</subfield></datafield><datafield ind1=" " ind2=" " tag="700"><subfield code="a">Jensen J.S</subfield></datafield><datafield ind1=" " ind2=" " tag="852"><subfield code="a">14619</subfield></datafield></record></collection>